<record><leader>00000cas a22000007a 4500</leader><controlfield tag="001">22246743</controlfield><controlfield tag="008">900820d18821887nyuwr ne      0    0eng d</controlfield><datafield ind1=" " ind2=" " tag="010"><subfield code="a">sn 90066157 </subfield></datafield><datafield ind1=" " ind2=" " tag="040"><subfield code="a">NYG</subfield><subfield code="b">eng</subfield><subfield code="c">NYG</subfield><subfield code="d">NYS</subfield><subfield code="d">OCLCQ</subfield><subfield code="d">OCLCF</subfield><subfield code="d">OCLCO</subfield></datafield><datafield ind1="1" ind2=" " tag="029"><subfield code="a">AU@</subfield><subfield code="b">000025863818</subfield></datafield><datafield ind1=" " ind2=" " tag="042"><subfield code="a">msc</subfield></datafield><datafield ind1=" " ind2=" " tag="043"><subfield code="a">n-us-ny</subfield></datafield><datafield ind1="0" ind2=" " tag="130"><subfield code="a">Oswego times and express (Oswego, N.Y. : Weekly)</subfield></datafield><datafield ind1="1" ind2="0" tag="245"><subfield code="a">Oswego times and express.</subfield></datafield><datafield ind1="3" ind2="0" tag="246"><subfield code="a">Oswego times-express</subfield></datafield><datafield ind1="1" ind2="3" tag="246"><subfield code="a">Weekly times-express</subfield></datafield><datafield ind1="1" ind2="7" tag="246"><subfield code="a">Times and express</subfield></datafield><datafield ind1=" " ind2=" " tag="260"><subfield code="a">Oswego, N.Y. :</subfield><subfield code="b">Oswego Pub. Co.</subfield></datafield><datafield ind1=" " ind2=" " tag="300"><subfield code="a">v.</subfield></datafield><datafield ind1=" " ind2=" " tag="310"><subfield code="a">Weekly</subfield></datafield><datafield ind1="1" ind2=" " tag="362"><subfield code="a">Began in 1882; ceased in 1887?</subfield></datafield><datafield ind1=" " ind2=" " tag="500"><subfield code="a">Published as: Oswego times-express, Sept. 17, 1884-&lt;1886&gt;.</subfield></datafield><datafield ind1=" " ind2=" " tag="588"><subfield code="a">Description based on: Vol. 38, no. 49 (Jan. 3, 1883).</subfield></datafield><datafield ind1=" " ind2=" " tag="588"><subfield code="a">Latest issue consulted: Vol. 42, no. 55 (Mar. 31, 1886).</subfield></datafield><datafield ind1=" " ind2="0" tag="651"><subfield code="a">Oswego (N.Y.)</subfield><subfield code="v">Newspapers.</subfield></datafield><datafield ind1=" " ind2="0" tag="651"><subfield code="a">Oswego County (N.Y.)</subfield><subfield code="v">Newspapers.</subfield></datafield><datafield ind1=" " ind2="7" tag="655"><subfield code="a">Newspapers.</subfield><subfield code="2">fast</subfield><subfield code="0">(OCoLC)fst01423814</subfield></datafield><datafield ind1=" " ind2="7" tag="651"><subfield code="a">New York (State)</subfield><subfield code="z">Oswego.</subfield><subfield code="2">fast</subfield><subfield code="0">(OCoLC)fst01212851</subfield></datafield><datafield ind1=" " ind2="7" tag="651"><subfield code="a">New York (State)</subfield><subfield code="z">Oswego County.</subfield><subfield code="2">fast</subfield><subfield code="0">(OCoLC)fst01208853</subfield></datafield><datafield ind1=" " ind2=" " tag="752"><subfield code="a">United States</subfield><subfield code="b">New York</subfield><subfield code="c">Oswego</subfield><subfield code="d">Oswego.</subfield></datafield><datafield ind1="0" ind2=" " tag="775"><subfield code="t">Oswego times and express (Oswego, N.Y. : Daily)</subfield><subfield code="w">(DLC)sn 90066159</subfield><subfield code="w">(OCoLC)22227169</subfield></datafield><datafield ind1="0" ind2="4" tag="780"><subfield code="t">Oswego times (Oswego, N.Y.)</subfield><subfield code="w">(DLC)sn 93063725</subfield><subfield code="w">(OCoLC)29601941</subfield></datafield><datafield ind1="0" ind2="4" tag="780"><subfield code="t">Oswego weekly express</subfield><subfield code="w">(DLC)sn 93063624</subfield><subfield code="w">(OCoLC)29601860</subfield></datafield><datafield ind1="0" ind2="0" tag="785"><subfield code="t">Oswego weekly times (Oswego, N.Y. : 1889)</subfield><subfield code="w">(DLC)sn 93064027</subfield><subfield code="w">(OCoLC)29602402</subfield></datafield></record>